%@misc{web,
%    author			= {Sigma},
%    title			= {Sigma Electr√≥nica},
%    howpublished	= {Sigma, \url{https://www.sigmaelectronica.net/producto/pic12f675-ip/}},
%    year			= {2017},
%    month			= {Agosto},
%    note			= {Accedido en enero de 2024},
%    language        = {spanish},
%}








